<record><leader>00000cas a22000007a 4500</leader><controlfield tag="001">11655605</controlfield><controlfield tag="008">850204d19131925mtuwr ne      0    0eng d</controlfield><datafield ind1=" " ind2=" " tag="010"><subfield code="a">sn 85053031 </subfield></datafield><datafield ind1=" " ind2=" " tag="040"><subfield code="a">MTL</subfield><subfield code="b">eng</subfield><subfield code="c">MTL</subfield><subfield code="d">OCLCQ</subfield></datafield><datafield ind1=" " ind2=" " tag="042"><subfield code="a">msc</subfield></datafield><datafield ind1="0" ind2=" " tag="130"><subfield code="a">Choteau Montanan (Choteau, Mont. : 1913)</subfield></datafield><datafield ind1="1" ind2="4" tag="245"><subfield code="a">The Choteau Montanan.</subfield></datafield><datafield ind1=" " ind2=" " tag="260"><subfield code="a">Choteau, Mont. :</subfield><subfield code="b">C.E. Trescott,</subfield><subfield code="c">1913-</subfield></datafield><datafield ind1=" " ind2=" " tag="300"><subfield code="a">12 v. :</subfield><subfield code="b">ill. ;</subfield><subfield code="c">55 cm.</subfield></datafield><datafield ind1=" " ind2=" " tag="310"><subfield code="a">Weekly</subfield></datafield><datafield ind1="0" ind2=" " tag="362"><subfield code="a">Vol. 1, no. 1 (July 4, 1913)-</subfield></datafield><datafield ind1=" " ind2=" " tag="500"><subfield code="a">"Politically, the editor of the Montanan is a Republican."</subfield></datafield><datafield ind1=" " ind2=" " tag="500"><subfield code="a">"The official paper of Teton County," Mar. 21-Dec. 19, 1924.</subfield></datafield><datafield ind1=" " ind2=" " tag="752"><subfield code="a">United States</subfield><subfield code="b">Montana</subfield><subfield code="c">Teton</subfield><subfield code="d">Choteau.</subfield></datafield><datafield ind1="0" ind2="4" tag="785"><subfield code="t">Choteau acantha</subfield><subfield code="g">Jan. 8, 1925</subfield><subfield code="w">(DLC)sn 85053032</subfield></datafield></record>